@article{Ludermir_2021, title={Inteligência Artificial e Aprendizado de Máquina: estado atual e tendências}, volume={35}, url={https://www.revistas.usp.br/eav/article/view/185035}, DOI={10.1590/s0103-4014.2021.35101.007}, abstractNote={&lt;p&gt;A área de Inteligência Artificial demonstrou avanços extraordinários nos últimos anos e, atualmente, é utilizada para solucionar inúmeros problemas tecnológicos e econômicos. Como boa parte do sucesso atual da Inteligência Artificial se deve às técnicas de Aprendizado de Máquina, particularmente às Redes Neurais Artificiais, neste artigo falamos dessas áreas, estado atual, desafios e oportunidades de pesquisas. Vamos também mencionar preocupações com impactos sociais e questões éticas.&lt;/p&gt;}, number={101}, journal={Estudos Avançados}, author={Ludermir, Teresa Bernarda}, year={2021}, month={abr.}, pages={85-94} }


@misc{Aurelio_online,
author = {Aurélio, Dicionário},
title = {Dicionário Online de Português},
month = {ago.},
year = {2022},
howpublished={https://www.dicio.com.br/etica/}
}

@misc{Estadao_online,
author = {O Estado de São Paulo, Jornal},
title = {Uma inteligência artificial sem ética pode arruinar a sociedade},
month = {ago.},
year = {2022},
howpublished={https://brasil.estadao.com.br/blogs/macaco-eletrico/uma-inteligencia-artificial-sem-etica-pode-arruinar-a-sociedade/}
}

@book{o2021algoritmos,
  title={Algoritmos de destrui{\c{c}}{\~a}o em massa},
  author={O'Neil, Cathy},
  year={2021},
  publisher={Editora Rua do Sab{\~a}o}
}
